@book{petermann2012laser,
  title={Laser diode modulation and noise},
  author={Petermann, Klaus},
  volume={3},
  year={2012},
  publisher={Springer Science \& Business Media}
}

@book{coldren2012diode,
  title={Diode lasers and photonic integrated circuits},
  author={Coldren, Larry A and Corzine, Scott W and Mashanovitch, Milan L},
  volume={218},
  year={2012},
  publisher={John Wiley \& Sons}
}

@article{tkach1986regimes,
  title={Regimes of feedback effects in 1.5-$\mu$m distributed feedback lasers},
  author={Tkach, R and Chraplyvy, AR},
  journal={Journal of Lightwave technology},
  volume={4},
  number={11},
  pages={1655--1661},
  year={1986},
  publisher={IEEE}
}


@book{agrawal2013semiconductor,
  title={Semiconductor lasers},
  author={Agrawal, Govind P and Dutta, Niloy K},
  year={2013},
  publisher={Springer Science \& Business Media}
}

@article{devaux1993simple,
  title={Simple measurement of fiber dispersion and of chirp parameter of intensity modulated light emitter},
  author={Devaux, F and Sorel, Y and Kerdiles, JF},
  journal={Journal of Lightwave Technology},
  volume={11},
  number={12},
  pages={1937--1940},
  year={1993},
  publisher={IEEE}
}

@article{vahala1984detuned,
  title={Detuned loading in coupled cavity semiconductor lasersâ€”effect on quantum noise and dynamics},
  author={Vahala, Kerry and Yariv, Amnon},
  journal={Applied Physics Letters},
  volume={45},
  number={5},
  pages={501--503},
  year={1984},
  publisher={AIP}
}

@inproceedings{kjebon2002experimental,
  title={Experimental evaluation of detuned loading effects on distortion in edge emitting DBR lasers},
  author={Kjebon, Olle and Schatz, Richard and Carlsson, Christina and Akram, Nadeem},
  booktitle={IEEE International Topical Meeting on Microwave Photonics pp},
  pages={125--128},
  year={2002}
}

@article{kazarinov1987relation,
  title={The relation of line narrowing and chirp reduction resulting from the coupling of a semiconductor laser to passive resonator},
  author={Kazarinov, R and Henry, C},
  journal={IEEE Journal of quantum electronics},
  volume={23},
  number={9},
  pages={1401--1409},
  year={1987},
  publisher={IEEE}
}

@article{vahala1985observation,
  title={Observation of modulation speed enhancement, frequency modulation suppression, and phase noise reduction by detuned loading in a coupled-cavity semiconductor laser},
  author={Vahala, Kerry and Paslaski, Joel and Yariv, Amnon},
  journal={Applied Physics Letters},
  volume={46},
  number={11},
  pages={1025--1027},
  year={1985},
  publisher={AIP}
}

@book{ohtsubo2012semiconductor,
  title={Semiconductor lasers: stability, instability and chaos},
  author={Ohtsubo, Junji},
  volume={111},
  year={2012},
  publisher={Springer}
}

@article{bandelow1993theory,
  title={Theory of selfpulsations in two-section DFB lasers},
  author={Bandelow, U and Wunsche, HJ and Wenzel, H},
  journal={IEEE photonics technology letters},
  volume={5},
  number={10},
  pages={1176--1179},
  year={1993},
  publisher={IEEE}
}

@inproceedings{montrosset2014laser,
  title={Laser dynamics providing enhanced-modulation bandwidth},
  author={Montrosset, Ivo and Bardella, Paolo},
  booktitle={Semiconductor Lasers and Laser Dynamics VI},
  volume={9134},
  pages={91340H},
  year={2014},
  organization={International Society for Optics and Photonics}
}

